%common
@Mastersthesis{ciba:2008,
	author 		= {S. Ciba},
	title  		= {{E}rstellung einer {S}oftwarebibliothek für {H}örversuche - {P}rogrammkonzept und zu implementierende {T}estverfahren},
	year 			= {2008},
	school 		= {FG Audiokommunikation, Institut für Sprache und Kommunikation, Fakultät I, TU Berlin},
	type 			= {Magisterarbeit}
}

@Mastersthesis{wlodarski:2008,
	author 		= {A. Wlodarski},
	title  		= {{E}rstellung einer {S}oftwarebibliothek für {H}örversuche - {I}mplementierung und {S}trukturierung des {Q}uellcodes},
	year 			= {2008},
	school 		= {FG Audiokommunikation, Institut für Sprache und Kommunikation, Fakultät I, TU Berlin},
	type 			= {Magisterarbeit}
}
@Book{bortz_doering,
	author		= {J. Bortz and N. Döring},
	title			= {Forschungsmethoden und Evaluation},
	publisher = {Springer},
	address   = {Berlin},
	year      = {2006},
	edition		= 4
}


%semantic differential
@Book{osgood:1967,
	author    = {C.E. Osgood and G.J. Suci and P.H. Tannenbaum},
	title     = {The measurement of meaning},
	note			= {Neuauflage der Originalausgabe von 1957},
	publisher = {University of Illinois Press},
	address   = {Urbana},
	year			= {1967}
}

%RGT
@Book{bech:2006,
	author		=	{S. Bech and N. Zacharov},
	publisher	= {John Wiley \& Sons, Ltd.},
	title			=	{Perceptual Audio Evaluation},
	address		=	{Chichester},
	year			= {2006}
}
@inproceedings{berg:1999,
	author 		= {J. Berg and F. Rumsey},
	title 		= {Spatial attribute identification and scaling by repertory grid technique and other methods},
	booktitle = {AES 16th International Conference Munich},
	publisher	= {Audio Engineering Society},
	year  		=	{1999},
	pages			= {51--56}
}
@Book{fransella:1977,
	author		= {F. Fransella and D. Bannister},
	title			= {A manual for repertory grid technique},
	publisher = {academic press},
	address   = {London},
	year			= {1977}
}

@Book{kelly:1955,
	author		= {G.A. Kelly},
	title     = {The Psychology of Personal Constructs},
	publisher = {Norton},
	address   = {New York},
	year			= {1955}
}

@Article{fromm:2004,
	author 		= {O. B. Walter and A. Bacher and Martin Fromm},
	title 		= {A proposal for a common data exchange format for Repertory Grid data.},
	year  		=	{2004},
	journal 	= {Journal of Constructivist Psychology},
	volume		= {17},
	number    = {3},
	pages			= {247--251}
}


%adaptive psychophysical procedures (overview)
@Book{gescheider,
	author		= {G.A. Gescheider},
	title			= {Psychophysics: The Fundamentals},
	publisher = {Lawrence Erlbaum Associates},
	address 	=	{Mahwah, NJ.},
	year			= {1997}
}

@Article{treutwein:1995,
	author 		= {B. Treutwein},
	title 		= {Adaptive Psychophysical Procedures},
	year  		=	{1995},
	journal 	= {Vision Research},
	volume		= {35},
	number    = {17},
	pages			= {2503--2522}
}

@Article{leek:2001,
	author 		= {M.R. Leek},
	title 		= {Adaptive procedures in psychophysical research},
	year  		=	{2001},
	journal 	= {Perception \& Psychophysics},
	volume		= {63},
	number		=	{8},
	pages			= {1279--1292}
}

@Article{klein:2001,
	author 		= {S. A. Klein},
	title 		= {Measuring, estimating and understanding the psychometric function: A commentary},
	year  		=	{2001},
	journal 	= {Perception \& Psychophysics},
	volume		= {63},
	number		= {8},
	pages			= {1421--1455}
}

@Article{taylor:1983,
	author 		= {M. M. Taylor and S.M. Forbes and C.D. Creelman},
	title 		= {Pest reduces bias in forced choice psychophysics},
	year  		=	{1983},
	journal 	= {Journal of the Acoustical Society of America},
	volume		= {74},
	pages			= {1367--1374},
	number		= {5}
}


%staircase
@Article{levitt:1971,
	author 		= {H. Levitt},
	title 		= {Transformed up-down methods in psychoacoustics},
	year  		=	{1971},
	journal 	= {Journal of the Acoustical Society of America},
	volume		= {49},
	number		=	{2},
	pages			= {467--477}
}
@Article{wetherill:1965,
	author 		= {G. B. Wetherill and H. Levitt},
	title 		= {Sequential Estimation of Points on a Psvchometric Function},
	year  		=	{1965},
	journal 	= {British Journal of Mathematical and Statistical Psychology},
	volume		= {18},
	pages			= {1--10}
}
@Article{cornsweet:1962,
	author		= {T. N. Cornsweet},
	title			= {The Staircase-Method in Psychophysics},
	year			= {1962},
	journal		= {American Journal of Psychology},
	volume		= {75},
	pages			= {485--491}
}
@Article{wetherill:1963,
	author 		= {G. Wetherill},
	title 		= {Sequential Estimation of Quantal Response Curves},
	year  		=	{1963},
	journal 	= {Journal of the Royal Statistical Society},
	volume		= {B25},
	pages			= {1--48}	
}

%PEST
@Article{taylor:1967,
	author 		= {M.M. Taylor and C.D. Creelman},
	title 		= {PEST: Efficient estimates on probability functions},
	year  		=	{1967},
	journal 	= {Journal of the Acoustical Society of America},
	volume		= {41},
	number		= {4},
	pages			= {782--787}
}


%Findlays more virulent PEST
@Article{findlay:1978,
	author		= {J.M. Findlay},
	title			= {Estimates on probability functions: A more virulent PEST},
	year			= {1978},
	journal		= {Perception \& Psychophysics},
	volume		= {23},
	number		= {2},
	pages			= {181--185}
}

% ML/Bayesian
@Article{pentland:1980,
	author 		= {A. Pentland},
	title 		= {Maximum likelihood estimation: The best PEST},
	year  		=	{1980},
	journal 	= {Perception \& Psychophysics},
	volume		= {28},
	number		= {4},
	pages			= {377--379}
}

@Article{lieberman:1982,
	author 		= {H. Lieberman and A. Pentland},
	title 		= {Microcomputer-based estimation of psychophysical thresholds: The Best PEST},
	year  		=	{1982},
	journal 	= {Behavioral Research Methods \& Instrumentation},
	volume		= {14},
	number		= {1},
	pages			= {21--25}
}

@Article{pokorny:1998,
	author		= {M. A. Pokorny},
	title			= {Using maximum-likelihood adaptive methods to estimate difference thresholds and points of subjective equality},
	year			= {1998},
	journal		= {Behavior Research Methods, Instruments, \& Computers},
	volume		= {30},
	number		= {4},
	pages			= {624--636}
}

@Book{martz,
	author		= {H. F. Martz and R. A. Waller},
	title			= {Bayesian reliability analysis},
	publisher = {John Wiley \& Sons, Ltd.},
	address 	=	{New York},
	year			= {1982}
}

@Article{watson:1983,
	author 		= {A. B. Watson and D.G. Pelli},
	title 		= {QUEST: A Bayesian adaptive psychometric method},
	year  		=	{1983},
	journal 	= {Perception \& Psychophysics},
	volume		= {33},
	number		=	{2},
	pages			= {113--120}
}

@Article{hall:1981,
	author		= {J. L. Hall},
	title			= {Hybrid adaptive procedure for estimation of psychometric functions},
	year			= {1981},
	journal		= {Journal of the Acoustical Society of America},
	volume		= {69},
	number		= {6},
	pages			= {1763--1769}
}

@article{taylor:1971,
        author          = {Taylor, M. M.},
        journal         = {Journal of the Acoustical Society of America},
        number          = {2},
        pages           = {505--508},
        title           = {On the Efficiency of Psychophysical Measurement},
        volume          = {49},
        year            = {1971}
}

@Misc{osc,
	key = {http://opensoundcontrol.org/spec-1\_0},
  note = {\url{http://opensoundcontrol.org/spec-1\_0} (18/10/2008)},
}

@Article{treutwein:1997,
	author 		= {B. Treutwein},
	title 		= {YAAP: yet another adaptive procedure},
	year  		=	{1997},
	journal 	= {Spatial Vision},
	volume		= {11},
	number    = {1},
	pages			= {129--134}
}

@Article{king:1994,
	author		= {P. E. King-Smith and S. S. Grigsby and A. J. Vingrys and S. C. Benes and A. Supowit},
	title			= {Efficient and Unbiased Modifications of the QUEST Threshold Method: Theory, Simulations, Experimental Evaluation and Practical Implementation},
	year			= {1994},
	journal		= {Vision Research},
	volume		= {34},
	number		= {7},
	pages			= {885--912}
}

@Book{hastings,
	author		= {N. A. Hastings and J. B. Peacock},
	title			= {Statistical Distributions},
	publisher = {Butterworth \& Co (Publishers) Ltd},
	address 	=	{London},
	year			= {1975}
}

@Article{harvey:1986,
	author		= {Harvey, jr., L. O.},
	title			= {Efficient estimation of sensory thresholds},
	year			= {1986},
	journal		= {Behavior Research Methods, Instruments \& Computers},
	volume		= {18},
	number		= {6},
	pages			= {623--632}
}

@Mastersthesis{otto:2008,
        AUTHOR          = "S. Otto",
        TITLE           = "{V}ergleichende {S}imulation adaptiver, psychometrischer {V}erfahren zur {S}chätzung von {W}ahrnehmungsschwellen",
        YEAR            = "2008",
        school 		= {FG Audiokommunikation, Institut für Sprache und Kommunikation, Fakultät I, TU Berlin},
        type 		= {Magisterarbeit}

}

%ABX
@ARTICLE{burstein:1988,
        author          = {H. Burstein},
        title           = {Approximation Formulas for Error Risk and Sample Size in ABX Testing},
        journal         = {Journal of the Audio Engineering Society},
        year            = {1988},
        volume          = {36},
        pages           = {879--883},
        number          = {11}
}

@INPROCEEDINGS{clark:1991,
        author          = {D. L. Clark},
        title           = {Ten Years of A/B/X Testing},
        booktitle       = {AES 91st Convention New York},
        year            = {1991},
        publisher       = {Audio Engineering Society}
}

@ARTICLE{leventhal:1986,
        author          = {L. Leventhal},
        title           = {Type I and Type II Errors in the Statistical Analysis of Listening Tests},
        journal         = {Journal of the Audio Engineering Society},
        year            = {1986},
        volume          = {34},
        pages           = {437--453},
        number          = {6}
}

%SAQI
@INPROCEEDINGS{lindau:2014a,
        author          = {A. Lindau and V. Erbes and H.-J. Maempel and S. Lepa and F. Brinkmann and S. Weinzierl},
        title           = {A Spatial Audio Quality Inventory for Virtual Acoustic Environments (SAQI)},
        booktitle       = {EAA Joint Symposium on Auralization and Ambisonics},
        year            = {2014},
        publisher       = {TU Berlin}
}

@INPROCEEDINGS{lindau:2014b,
        author          = {A. Lindau and V. Erbes and H.-J. Maempel and S. Lepa and F. Brinkmann and S. Weinzierl},
        title           = {Eine Fokusgruppe für die Entwicklung eines Vokabulars zur sensorischen Beurteilung virtueller akustischer Umgebungen},
        booktitle       = {Fortschritte der Akustik: Proc. of the 40th German Annual Conference on Acoustics, DAGA},
        year            = {2014},
        publisher       = {DEGA}
}

@Book{lindau:2015,
	author		= {A. Lindau},
	title			= {Spatial Audio Quality Inventory. Test Manual. v1.2. \url{http://dx.doi.org/10.14279/depositonce-1}},
	publisher = {TU Berlin},
	address 	=	{Berlin},
	year			= {2015},
	note 			= {\url{http://dx.doi.org/10.14279/depositonce-1}},
}

@Book{ITURBS1116:1997,
	author		= {ITU},
	title		= {ITU-R Rec. BS.1116-1: Methods for the subjective Assessment of small Impairments in Audio Systems including Multichannel Sound Systems},
	publisher = {ITU},
	address   = {Geneva},
	year	  = {1997}
}

@Book{ITURBS1534:2003,
	author		= {ITU},
	title		= {ITU-R Rec. BS.1534-1: Method for the subjective assessment of intermediate quality level of coding systems},
	publisher   = {ITU},
	address 	= {Geneva},
	year		= {2003}
}

@Book{Bech:2006,
	author		= {S. Bech and N. Zacharov},
	title		= {Perceptual Audio Evaluation: Theory, Method and Application},
	publisher   = {Wiley},
	address 	= {Chichester},
	year		= {2006}
}
